
@book{hjorth-jensen_computational_2015,
	title = {Computational {Physics}, {Lecture} {Notes} {Fall} 2015},
	url = {https://github.com/CompPhysics/ComputationalPhysics/blob/master/doc/Lectures/lectures2015.pdf},
	urldate = {2018-11-12},
	author = {Hjorth-Jensen, Morten},
	month = aug,
	year = {2015}
}